@article{dummy_journal1,
	author = {John, Doe and Janet, Doe},
	title = {Towards research revolution},
	journal = {A Nice Journal},
	date = {\today},
}

@article{dummy_journal2,
	author = {Mario, Rossi and Jelka, Reznicek},
	title = {A new approach to research},
	journal = {An Even Nicer Journal},
	date = {\today},
}

@article{dummy_conference1,
	author = {Lea, Bieber},
	title = {Open Source is Fundamental},
	journal = {This Is A Renowned Conference},
	date = {\today},
}
